%% MAIN ARTICLES %%

@misc{kipf2017semisupervised,
      title={Semi-Supervised Classification with Graph Convolutional Networks}, 
      author={Thomas N. Kipf and Max Welling},
      year={2017},
      eprint={1609.02907},
      archivePrefix={arXiv},
      primaryClass={cs.LG}
}

@ARTICLE{IsingFormulations,
    AUTHOR={Lucas, Andrew},
    TITLE={Ising formulations of many {NP} problems},      
    JOURNAL={Frontiers in Physics},      
    VOLUME={2},           
    YEAR={2014},
    URL={https://www.frontiersin.org/articles/10.3389/fphy.2014.00005},
    DOI={10.3389/fphy.2014.00005},
    ISSN={2296-424X},
    ABSTRACT={We provide Ising formulations for many NP-complete and NP-hard problems, including all of Karp's 21 NP-complete problems. This collects and extends mappings to the Ising model from partitioning, covering, and satisfiability. In each case, the required number of spins is at most cubic in the size of the problem. This work may be useful in designing adiabatic quantum optimization algorithms.}
}

@article{Schuetz_2022,
    title={Combinatorial optimization with physics-inspired graph neural networks},
    volume={4},
    ISSN={2522-5839},
    url={http://dx.doi.org/10.1038/s42256-022-00468-6},
    DOI={10.1038/s42256-022-00468-6},
    number={4},
    journal={Nature Machine Intelligence},
    publisher={Springer Science and Business Media LLC},
    author={Schuetz, Martin J. A. and Brubaker, J. Kyle and Katzgraber, Helmut G.},
    year={2022},
    month=apr,
    pages={367–377}
}

%% BOOKS %%

@book{aigner2023discrete,
  title={Discrete Mathematics},
  author={Aigner, M.},
  isbn={9781470470630},
  lccn={2006052285},
  url={https://books.google.no/books?id=GKatEAAAQBAJ},
  year={2023},
  publisher={American Mathematical Society}
}

@book{Goodfellow-et-al-2016,
    title={Deep Learning},
    author={Ian Goodfellow and Yoshua Bengio and Aaron Courville},
    publisher={MIT Press},
    note={\url{http://www.deeplearningbook.org}},
    year={2016}
}

%% SUPPORTING LITTERATURE %%

@article{GNN_survey,
   title={A Comprehensive Survey on Graph Neural Networks},
   volume={32},
   ISSN={2162-2388},
   url={http://dx.doi.org/10.1109/TNNLS.2020.2978386},
   DOI={10.1109/tnnls.2020.2978386},
   number={1},
   journal={IEEE Transactions on Neural Networks and Learning Systems},
   publisher={Institute of Electrical and Electronics Engineers (IEEE)},
   author={Wu, Zonghan and Pan, Shirui and Chen, Fengwen and Long, Guodong and Zhang, Chengqi and Yu, Philip S.},
   year={2021},
   month=jan, pages={4–24} }

@article{FELLEK2024127392,
    title = {G-DGANet: Gated deep graph attention network with reinforcement learning for solving traveling salesman problem},
    journal = {Neurocomputing},
    volume = {579},
    pages = {127392},
    year = {2024},
    issn = {0925-2312},
    doi = {https://doi.org/10.1016/j.neucom.2024.127392},
    url = {https://www.sciencedirect.com/science/article/pii/S0925231224001632},
    author = {Getu Fellek and Ahmed Farid and Shigeru Fujimura and Osamu Yoshie and Goytom Gebreyesus},
    keywords = {Graph neural network, Deep reinforcement learning, Traveling salesman problem, Deep graph representation learning},
}

@misc{joshi2019efficient,
      title={An Efficient Graph Convolutional Network Technique for the Travelling Salesman Problem}, 
      author={Chaitanya K. Joshi and Thomas Laurent and Xavier Bresson},
      year={2019},
      eprint={1906.01227},
      archivePrefix={arXiv},
      primaryClass={cs.LG}
}

@misc{spectralGraph,
      title={Wavelets on Graphs via Spectral Graph Theory}, 
      author={David K Hammond and Pierre Vandergheynst and Rémi Gribonval},
      year={2009},
      eprint={0912.3848},
      archivePrefix={arXiv},
      primaryClass={math.FA}
}

@misc{isingModel,
    author = {Singh, Satya},
    year = {2020},
    month = {02},
    pages = {19},
    title = {The Ising Model: Brief Introduction and Its Application},
    isbn = {978-1-83881-165-5},
    doi = {10.5772/intechopen.90875}
}

@misc{oversmoothing,
      title={A Survey on Oversmoothing in Graph Neural Networks}, 
      author={T. Konstantin Rusch and Michael M. Bronstein and Siddhartha Mishra},
      year={2023},
      eprint={2303.10993},
      archivePrefix={arXiv},
      primaryClass={cs.LG}
}

@book{PunnenAbrahamP2022TQUB,
    copyright = {Springer Nature Switzerland AG 2022},
    address = {Cham},
    author = {Punnen, Abraham P},
    publisher = {Springer International Publishing AG},
    isbn = {9783031045196},
    year = {2022},
    title = {The Quadratic Unconstrained Binary Optimization Problem: Theory, Algorithms, and Applications},
    edition = {1}
}

@Inbook{Karp2010,
    author="Karp, Richard M.",
    editor="J{\"u}nger, Michael
    and Liebling, Thomas M.
    and Naddef, Denis
    and Nemhauser, George L.
    and Pulleyblank, William R.
    and Reinelt, Gerhard
    and Rinaldi, Giovanni
    and Wolsey, Laurence A.",
    title="Reducibility Among Combinatorial Problems",
    bookTitle="50 Years of Integer Programming 1958-2008: From the Early Years to the State-of-the-Art",
    year="2010",
    publisher="Springer Berlin Heidelberg",
    address="Berlin, Heidelberg",
    pages="219--241",
    isbn="978-3-540-68279-0",
    doi="10.1007/978-3-540-68279-0_8",
    url="https://doi.org/10.1007/978-3-540-68279-0_8"
}

@article{PINNs,
    title = {Physics-informed neural networks: A deep learning framework for solving forward and inverse problems involving nonlinear partial differential equations},
    journal = {Journal of Computational Physics},
    volume = {378},
    pages = {686-707},
    year = {2019},
    issn = {0021-9991},
    doi = {https://doi.org/10.1016/j.jcp.2018.10.045},
    url = {https://www.sciencedirect.com/science/article/pii/S0021999118307125},
    author = {M. Raissi and P. Perdikaris and G.E. Karniadakis},
    keywords = {Data-driven scientific computing, Machine learning, Predictive modeling, Runge–Kutta methods, Nonlinear dynamics},
}

@INPROCEEDINGS{dijkstra,
    author={Fredman, M.L. and Tarjan, R.E.},
    booktitle={25th Annual Symposium onFoundations of Computer Science, 1984.}, 
    title={Fibonacci Heaps And Their Uses In Improved Network Optimization Algorithms}, 
    year={1984},
    volume={},
    number={},
    pages={338-346},
    keywords={Intelligent networks;Hydrogen;Shortest path problem;Tree graphs;Data structures;Algorithms},
    doi={10.1109/SFCS.1984.715934}
}

@misc{kingma2017adam,
      title={Adam: A Method for Stochastic Optimization}, 
      author={Diederik P. Kingma and Jimmy Ba},
      year={2017},
      eprint={1412.6980},
      archivePrefix={arXiv},
      primaryClass={cs.LG}
}

@misc{he2015delving,
      title={Delving Deep into Rectifiers: Surpassing Human-Level Performance on ImageNet Classification}, 
      author={Kaiming He and Xiangyu Zhang and Shaoqing Ren and Jian Sun},
      year={2015},
      eprint={1502.01852},
      archivePrefix={arXiv},
      primaryClass={cs.CV}
}

@incollection{local_ratio_approx,
    title = {A Local-Ratio Theorem for Approximating the Weighted Vertex Cover Problem},
    editor = {G. Ausiello and M. Lucertini},
    series = {North-Holland Mathematics Studies},
    publisher = {North-Holland},
    volume = {109},
    pages = {27-45},
    year = {1985},
    booktitle = {Analysis and Design of Algorithms for Combinatorial Problems},
    issn = {0304-0208},
    doi = {https://doi.org/10.1016/S0304-0208(08)73101-3},
    url = {https://www.sciencedirect.com/science/article/pii/S0304020808731013},
    author = {R. Bar-Yehuda and S. Even},
}

%% JAX SYSTEM %%

@misc{jax2018github,
  author = {James Bradbury and Roy Frostig and Peter Hawkins and Matthew James Johnson and Chris Leary and Dougal Maclaurin and George Necula and Adam Paszke and Jake Vander{P}las and Skye Wanderman-{M}ilne and Qiao Zhang},
  title = {{JAX}: composable transformations of {P}ython+{N}um{P}y programs},
  url = {http://github.com/google/jax},
  version = {0.4.29},
  year = {2018},
}

@misc{flax2020github,
  author = {Jonathan Heek and Anselm Levskaya and Avital Oliver and Marvin Ritter and Bertrand Rondepierre and Andreas Steiner and Marc van {Z}ee},
  title = {{F}lax: A neural network library and ecosystem for {JAX}},
  url = {http://github.com/google/flax},
  version = {0.8.5},
  year = {2023},
}

@misc{jraph2020github,
  author = {Jonathan Godwin and Thomas Keck and Peter Battaglia and Victor Bapst and Thomas Kipf and Yujia Li and Kimberly Stachenfeld and Petar Veli\v{c}kovi\'{c} and Alvaro Sanchez-Gonzalez},
  title = {{J}raph: {A} library for graph neural networks in jax.},
  url = {http://github.com/deepmind/jraph},
  version = {0.0.6},
  year = {2020},
}

@misc{deepmind2020jax,
  title = {The {D}eep{M}ind {JAX} {E}cosystem},
  author = {DeepMind and Babuschkin, Igor and Baumli, Kate and Bell, Alison and Bhupatiraju, Surya and Bruce, Jake and Buchlovsky, Peter and Budden, David and Cai, Trevor and Clark, Aidan and Danihelka, Ivo and Dedieu, Antoine and Fantacci, Claudio and Godwin, Jonathan and Jones, Chris and Hemsley, Ross and Hennigan, Tom and Hessel, Matteo and Hou, Shaobo and Kapturowski, Steven and Keck, Thomas and Kemaev, Iurii and King, Michael and Kunesch, Markus and Martens, Lena and Merzic, Hamza and Mikulik, Vladimir and Norman, Tamara and Papamakarios, George and Quan, John and Ring, Roman and Ruiz, Francisco and Sanchez, Alvaro and Sartran, Laurent and Schneider, Rosalia and Sezener, Eren and Spencer, Stephen and Srinivasan, Srivatsan and Stanojevi\'{c}, Milo\v{s} and Stokowiec, Wojciech and Wang, Luyu and Zhou, Guangyao and Viola, Fabio},
  url = {http://github.com/google-deepmind},
  year = {2020},
}

@InProceedings{SciPyProceedings_11,
    author = {Aric A. Hagberg and Daniel A. Schult and Pieter J. Swart},
    title = {Exploring Network Structure, Dynamics, and Function using {NetworkX}},
    booktitle = {Proceedings of the 7th Python in Science Conference},
    pages = {11--15},
    address = {Pasadena, CA USA},
    year = {2008},
    editor = {Ga\"el Varoquaux and Travis Vaught and Jarrod Millman},
    url = {http://conference.scipy.org.s3-website-us-east-1.amazonaws.com/proceedings/scipy2008/}
}
